@manual{st:Z5730M,
    organization  = "RFT electronic",
    title         = "RFT tube data book and translation",
    number        = "Z570M/Z5700M",
    url = "https://www.tube-tester.com/sites/nixie/data/z5730m/z5730m.html",
}

@manual{st:esp32,
    organization  = "Espressif Systems",
    title         = "ESP32-S3 Series Datasheet",
    number        = "v1.9",
    url = "https://www.espressif.com/sites/default/files/documentation/esp32-s3_datasheet_en.pdf",
}

@manual{st:esp32-pin,
    organization  = "Chris Greening",
    title         = "ESP32-S3: Which Pins Should I Use?",
    year          =  2023,
    month         =  10,
    url = "https://www.atomic14.com/2023/11/21/esp32-s3-pins",
}

@manual{st:esp32-book,
    organization  = "Agus Kurniawan",
    title         = "Internet of Things Projects with ESP32. Build exciting and powerful IoT projects using the all-new Espressif ESP32",
    year          =  2019,
    month         =  03,
}

@manual{st:lm3488,
    organization  = "Texas Instruments",
    title         = "LM3488/-Q1 Automotive High-Efficiency Controller for Boost, SEPIC and Fly-Back DC-DC Converters",
    number        = "SNVS089O",
    year          =  2015,
    month         =  7,
    url = "https://www.ti.com/lit/ds/symlink/lm3488.pdf?ts=1732111856668&ref_url=https%253A%252F%252Fwww.ti.com%252Fpower-management%252Facdc-dcdc-controllers%252Fproducts.html",
}

@manual{st:nixie,
    organization  = "Zrozumieć Elektronikę z Piotrem Góreckim",
    title         = "Zegar Nixie - nostalgiczna elegancja",
    number        = "4/2024 Kwiecień (16)",
    year          =  2024,
    month         =  04,
    url = "https://piotr-gorecki.pl/wp-content/uploads/2024/03/ZE2404.pdf",
    pages = {23-26},
}

@manual{st:nixie1,
    organization  = "rafalbartoszak",
    title         = "Kompendium wiedzy o lampach Nixie",
    year          =  2019,
    month         =  04,
    note          = "Rev. 2",
    url = "https://rafalbartoszak.pl/kompendium-wiedzy-o-lampach-nixie/",
}

@manual{st:serwerczasu,
    organization  = "Ośrodek Kształcenia na Odległość Politechniki Warszawskiej",
    title         = "eSezam 1.0/Synchronizacja w telekomunikacji/Podręcznik 2. Synchronizacja czasu",
    url = "https://esezam.okno.pw.edu.pl/mod/book/view.php?id=76&chapterid=1632",
}

@manual{st:serwerczasu-book,
    organization  = "Peter Rybaczyk",
    title = "Expert Network Time Protocol: An Experience in Time with NTP (Expert's Voice)",
    year = 2005,
    number = 9781590594841,
}

@manual{st:serwerczasu-jpg,
    organization  = "Wikipedia",
    title = "Network Time Protocol. Struktura warstw STRATUM 0-15",
    year = 2024,
    url = "https://pl.wikipedia.org/wiki/Network_Time_Protocol",
}


@manual{st:nixie-jpg,
    organization  = "Wikipedia",
    title = "Lampa cyfrowa. Schemat elektryczny lampy NIXIE",
    year = 2023,
    url = "https://pl.wikipedia.org/wiki/Lampa_cyfrowa",
}

@manual{st:buzzer,
    organization  = "CUI INC",
    title = "CEM-1203(42) magnetic buzzer",
    year = 2006,
    month = 11,
    url = "https://componentsearchengine.com/Datasheets/1/CEM-1203(42).pdf",
}

@manual{st:encoder,
    organization  = "Bourns",
    title = "PEC12R - 12 mm Incremental Encoder datasheet",
    year = 2018,
    month = 05,
    number = C1753,
    url = "https://www.mouser.pl/datasheet/2/54/PEC12R-777795.pdf",
}

@manual{st:potencjometr,
    organization  = "Microchip",
    title = "MCP4017/18/19 7-Bit Single I2C™ Digital POT with Volatile Memory in SC70",
    year = 2009,
    month = 03,
    number = DS22147A,
    url = "https://datasheet.datasheetarchive.com/originals/distributors/Datasheets-DGA14/624353.pdf",
}

@manual{st:ldo,
    organization  = "Diodes Incorporated",
    title = "AP7363 1.5A low quiescent current, fast transient ultra-low dropout linear regulator",
    year = 2021,
    month = 10,
    number = "DS35059",
    note = "Rev. 10 - 2",
    url = "https://www.diodes.com/assets/Datasheets/AP7363.pdf",
}

@manual{st:rejestry,
    organization  = "Microchip",
    title = "HV5530 32-Channel Serial-to-Parallel Converter With Open Drain Outputs",
    year = 2017,
    month = 10,
    number = "DS20005851A",
    url = "https://ww1.microchip.com/downloads/en/DeviceDoc/20005851A.pdf",
}

@manual{st:konwerter,
    organization  = "Texas Instruments",
    title = "CD40109B cmos quad low-to-high voltage shifter",
    year = 2010,
    month = 06,
    number = "SCHS380",
    url = "https://www.ti.com/lit/ds/symlink/cd40109b-q1.pdf?ts=1732708893044",
}

@manual{st:buck,
    organization  = "Texas Instruments",
    title = "TPS56x219A 4.5-V to 17-V Input, 2-A, 3-A Synchronous Step-Down Voltage Regulator in 8 Pin SOT-23",
    year = 2016,
    month = 10,
    number = "SLVSDT2",
    url = "https://www.ti.com/lit/ds/symlink/tps563219a.pdf?ts=1732740548889",
}

@manual{st:capacitors,
    title = "Ceramic capacitor",
    year = 2024,
    month = 09,
    url = "https://en.wikipedia.org/wiki/Ceramic_capacitor#Voltage_dependence_of_capacitance",
}

@manual{st:czas,
    organization  = "Jarosław Koperski Instytut Fizyki UJ",
    title = "Krótka historia pomiaru czasu, czyli od zegara słonecznego do zegara atomowego",
    year = 2003,
    url = "https://foton.if.uj.edu.pl/documents/12579485/0fadf2cb-ad07-4e6f-bf1b-88301daf8e4d",
}

@manual{st:gps,
    organization  = "National Coordination Office for Space-Based Positioning, Navigation, and Timing.",
    title = "Official U.S. government information about the Global Positioning System (GPS) and related topics. Applications/Timing",
    year = 2022,
    month = 04,
    url = "https://www.gps.gov/applications/timing/",
}

@manual{st:ptp,
    organization  = "Texas Instruments",
    title = "IEEE 1588 Precision Time Protocol Time Synchronization Performance (Rev. A)",
    year = 10,
    month = 2007,
    number = "S0NLA098A",
    pages = {1-3},
    url = "https://www.ti.com/lit/an/snla098a/snla098a.pdf?ts=1734085575067",
}

@manual{st:ntp,
    organization  = "Marcin Woch, Politechnika Śląska, Instytut Informatyki",
    title = "Metody synchronizacji czasu w sieciach komputerowych",
    year = 2004,
    number = "Volume 25 Number 3(59)",
    url = "https://delibra.bg.polsl.pl/Content/73421/BCPS-82351_2004_Metody-synchronizac.pdf",
}
